@book{Zobel04-writing,
	Address = {London},
	Author = {Justin Zobel},
	Edition = {2nd},
	Publisher = {Springer},
	Title = {Writing for Computer Science},
	Year = {2004}}

@book{Strunk00-style,
	Address = {New York},
	Author = {William Strunk and Elwyn B. White},
	Edition = {4th},
	Publisher = {Longman},
	Title = {The Elements of Style},
	Year = {2000}}
	
@inproceedings{Meyer:2014:SDP:2635868.2635892,
 author = {Meyer, Andr{\'e} N. and Fritz, Thomas and Murphy, Gail C. and Zimmermann, Thomas},
 title = {Software Developers' Perceptions of Productivity},
 booktitle = {Proceedings of the 22Nd ACM SIGSOFT International Symposium on Foundations of Software Engineering},
 series = {FSE 2014},
 year = {2014},
 isbn = {978-1-4503-3056-5},
 location = {Hong Kong, China},
 pages = {19--29},
 numpages = {11},
 url = {http://doi.acm.org/10.1145/2635868.2635892},
 doi = {10.1145/2635868.2635892},
 acmid = {2635892},
 publisher = {ACM},
 address = {New York, NY, USA},
 keywords = {goal setting, productivity, retrospection},
} 


BibTeX | EndNote | ACM Ref

@article{Meyer:2017:DRS:3171581.3134714,
 author = {Meyer, Andre N. and Murphy, Gail C. and Zimmermann, Thomas and Fritz, Thomas},
 title = {Design Recommendations for Self-Monitoring in the Workplace: Studies in Software Development},
 journal = {Proc. ACM Hum.-Comput. Interact.},
 issue_date = {November 2017},
 volume = {1},
 number = {CSCW},
 month = dec,
 year = {2017},
 issn = {2573-0142},
 pages = {79:1--79:24},
 articleno = {79},
 numpages = {24},
 url = {http://doi.acm.org/10.1145/3134714},
 doi = {10.1145/3134714},
 acmid = {3134714},
 publisher = {ACM},
 address = {New York, NY, USA},
 keywords = {personal analytics, productivity tracking, quantified workplace, self-monitoring, workplace awareness},
} 
